
@string{lncs = {Lecture Notes in Computer Science}}
@string{sv = {Springer-Verlag}}

@misc{pvs-url,
  title = {{PVS} Specification and Verification System},
  howpublished = {\url{http://pvs.csl.sri.com}},
  note = {Accessed: 2019-03-03}
}

@article{AL:Mappings,
  author  = {M. Abadi and L. Lamport},
  title   = {The Existence of Refinement Mappings},
  journal = {Theoretical Computer Science},
  year    = {1991},
  volume  = {82},
  pages   = {253--284}
}

@article{Ben:GC,
  author  = {M. Ben-Ari},
  title   = {Algorithms for On-the-Fly Garbage Collection},
  journal = {ACM Toplas},
  year    = {1984},
  month   = {July},
  volume  = {6},
}

@inproceedings{BLS:Inv,
  author       = {S. Bensalem and Y. Lakhnech and H. Saidi},
  title        = {Powerful Techniques for the 
                  Automatic Generation of Invariants},
  booktitle    = {Computer Aided Verification 96},
  series       = lncs,
  year         = {1996},
  note         = {To appear}
}

@book{CM:UNITY,
  author    = {K.M. Chandy and J. Misra},
  title     = {Parallel Program Design: A Foundation},
  publisher = {Addison Wesley},
  year      = {1988}
}

@article{DLMSS:GC,
  author  = {E. W. Dijkstra and L. Lamport and A.J. Martin and 
             C. S. Scholten and E. F. M. Steffens},
  title   = {On-the-Fly Garbage Collection: An Exercise in Cooperation},
  journal = {ACM},
  year    = {1978},
  month   = {November},
  volume  = {21}
}

@unpublished{Hav:GC,
  author  = {K. Havelund},
  title   = {Mechanical Verification of a Garbage Collector},
  year    = {1996},
  month   = {May}
}

@techreport{havelund-shankar-gc-report-97,
  author      = {K. Havelund and N. Shankar},
  title       = {A Mechanized Refinement Proof for a Garbage Collector},
  year        = {1997},
  month       = {October},
  note        = {\url{http://www.havelund.com/Publications/gc-refine-report.pdf
}}
}

@inproceedings{havelund-pvs-gc-99,
  author       = {K. Havelund},
  title        = {Mechanical Verification of a Garbage Collector},
  booktitle    = {Workshop on Formal Methods for Parallel Programming: Theory and 
                  Applications},
  editor       = {D. M\'{e}ry and B. Sanders},
  series       = lncs,
  volume       = {1586},
  year         = {1999},
  pages        = {1258--1283},
  publisher    = sv
}

@inproceedings{HS:BRP,
  author       = {K. Havelund and N. Shankar},
  title        = {Experiments in Theorem Proving and Model Checking
                  for Protocol Verification},
  booktitle    = {FME'96: Industrial Benefit and Advances in Formal Methods},
  series       = lncs,
  volume       = {1051},
  year         = {1996},
  editor       = {M-C. Gaudel and J. Woodcock},
  pages        = {662--681},
  publisher    = sv
}

@article{TLA:TOPLAS94,
  author  = {L. Lamport},
  title   = {The Temporal Logic of Actions},
  journal = {ACM TOPLAS},
  year    = {1994},
  volume  = {16},
  number  = {3},
  pages   = {872--923}
}

@techreport{MDC:Murphi,
  author      = {R. Melton and D.L. Dill and C. Norris Ip},
  title       = {{M}urphi Annotated Reference Manual, Version 2.6},
  institution = {Stanford University, Palo Alto, California, USA},
  year        = {1993},
  month       = {November},
  note        = {Written by C. Norris Ip}
}

@article{Owre95:prolegomena,
        AUTHOR = {S. Owre and J. Rushby and N. Shankar and
                F. von Henke},
        TITLE = {Formal Verification for Fault-Tolerant Architectures:
                Prolegomena to the Design of {PVS}},
        JOURNAL = {IEEE Transactions on Software Engineering},
        VOLUME = 21,
        NUMBER = 2,
        PAGES = {107--125},
        MONTH = feb,
        YEAR = 1995
}

@article{Pix:GC,
  author  = {C. Pixley},
  title   = {An Incremental Garbage Collection Algorithm for
             Multi-mutator Systems},
  journal = {Distributed Computing},
  year    = {1988},
  volume  = {3}
}

@article{Rus:GC,
  author  = {David M. Russinoff},
  title   = {A Mechanically Verified Incremental Garbage Collector},
  journal = {Formal Aspects of Computing},
  year    = {1994},
  volume  = {6},
  pages   = {359--390}
}

@techreport{Sha:PVS.Real-Time,
  author      = {N. Shankar},
  title       = {Mechanized Verification of Real-Time Systems Using {PVS}},
  institution = {Computer Science Laboratory,
                 SRI International, Menlo Park, California, USA},
  year        = {1993},
  month       = {March}
}

@article{Van:GC,
  author  = {J. L. A. Van de Snepscheut},
  title   = {``{A}lgorithms for On-the-Fly Garbage Collection'' Revisited},
  journal = {Information Processing Letters},
  year    = {1987},
  month   = {March},
  volume  = {24}
}

@inproceedings{gonthier1996verifying,
  title={Verifying the safety of a practical concurrent garbage collector},
  author={Gonthier, Georges},
  booktitle={International Conference on Computer Aided Verification},
  pages={462--465},
  year={1996},
  organization={Springer}
}

@inproceedings{jackson1998verifying,
  title={Verifying a garbage collection algorithm},
  author={Jackson, Paul B},
  booktitle={International Conference on Theorem Proving in Higher Order Logics},
  pages={225--244},
  year={1998},
  organization={Springer}
}

@ARTICLE{8133460,
author={S. {Coupet-Grimal} and C. {Nouvet}},
journal={Journal of Logic and Computation},
title={Formal Verification of an Incremental Garbage Collector},
year={2003},
volume={13},
number={6},
pages={815-833},
keywords={Formal methods;type theory;temporal logics;co-induction;garbage collectors},
doi={10.1093/logcom/13.6.815},
ISSN={0955-792X},
month={Dec},}

@inproceedings{mccreight2007general,
  title={A general framework for certifying garbage collectors and their mutators},
  author={McCreight, Andrew and Shao, Zhong and Lin, Chunxiao and Li, Long},
  booktitle={ACM SIGPLAN Notices},
  volume={42},
  number={6},
  pages={468--479},
  year={2007},
  organization={ACM}
}

@inproceedings{hawblitzel2009automated,
  title={Automated verification of practical garbage collectors},
  author={Hawblitzel, Chris and Petrank, Erez},
  booktitle={ACM SIGPLAN Notices},
  volume={44},
  number={1},
  pages={441--453},
  year={2009},
  organization={ACM}
}

@inproceedings{vechev2006correctness,
  title={Correctness-preserving derivation of concurrent garbage collection algorithms},
  author={Vechev, Martin T and Yahav, Eran and Bacon, David F},
  booktitle={ACM SIGPLAN Notices},
  volume={41},
  number={6},
  pages={341--353},
  year={2006},
  organization={ACM}
}

@inproceedings{gammie2015relaxing,
  title={Relaxing safely: verified on-the-fly garbage collection for x86-TSO},
  author={Gammie, Peter and Hosking, Antony L and Engelhardt, Kai},
  booktitle={ACM SIGPLAN Notices},
  volume={50},
  number={6},
  pages={99--109},
  year={2015},
  organization={ACM}
}

@inproceedings{ericsson2017verified,
  title={A verified generational garbage collector for CakeML},
  author={Ericsson, Adam Sandberg and Myreen, Magnus O and Pohjola, Johannes {\AA}man},
  booktitle={International Conference on Interactive Theorem Proving},
  pages={444--461},
  year={2017},
  organization={Springer}
}

@inproceedings{pavlovic2010formal,
  title={Formal derivation of concurrent garbage collectors},
  author={Pavlovic, Dusko and Pepper, Peter and Smith, Douglas R},
  booktitle={International Conference on Mathematics of Program Construction},
  pages={353--376},
  year={2010},
  organization={Springer}
}

@inproceedings{doligez1994portable,
  title={Portable, unobtrusive garbage collection for multiprocessor systems},
  author={Doligez, Damien and Gonthier, Georges},
  booktitle={Proceedings of the 21st ACM SIGPLAN-SIGACT symposium on Principles of programming languages},
  pages={70--83},
  year={1994},
  organization={ACM}
}
