
@string{lncs = {Lecture Notes in Computer Science}}
@string{sv = {Springer-Verlag}}

@article{AL:Mappings,
  author  = {M. Abadi and L. Lamport},
  title   = {The Existence of Refinement Mappings},
  journal = {Theoretical Computer Science},
  year    = {1991},
  volume  = {82},
  pages   = {253--284}
}

@article{Ben:GC,
  author  = {M. Ben-Ari},
  title   = {Algorithms for On-the-Fly Garbage Collection},
  journal = {ACM Toplas},
  year    = {1984},
  month   = {July},
  volume  = {6},
}

@inproceedings{BLS:Inv,
  author       = {S. Bensalem and Y. Lakhnech and H. Saidi},
  title        = {Powerful Techniques for the 
                  Automatic Generation of Invariants},
  booktitle    = {Computer Aided Verification 96},
  series       = lncs,
  year         = {1996},
  note         = {To appear}
}

@book{CM:UNITY,
  author    = {K.M. Chandy and J. Misra},
  title     = {Parallel Program Design: A Foundation},
  publisher = {Addison Wesley},
  year      = {1988}
}

@article{DLMSS:GC,
  author  = {E. W. Dijkstra and L. Lamport and A.J. Martin and 
             C. S. Scholten and E. F. M. Steffens},
  title   = {On-the-Fly Garbage Collection: An Exercise in Cooperation},
  journal = {ACM},
  year    = {1978},
  month   = {November},
  volume  = {21}
}

@unpublished{Hav:GC,
  author  = {K. Havelund},
  title   = {Mechanical Verification of a Garbage Collector},
  year    = {1996},
  month   = {May},
}

@inproceedings{HS:BRP,
  author       = {K. Havelund and N. Shankar},
  title        = {Experiments in Theorem Proving and Model Checking
                  for Protocol Verification},
  booktitle    = {FME'96: Industrial Benefit and Advances in Formal Methods},
  series       = lncs,
  volume       = {1051},
  year         = {1996},
  editor       = {M-C. Gaudel and J. Woodcock},
  pages        = {662--681},
  publisher    = sv
}

@techreport{Lam:TLA,
  author      = {L. Lamport},
  title       = {The {T}emporal {L}ogic of {A}ctions},
  institution = {Digital Equipment Corporation (DEC) 
                 Systems Research Center,
                 Palo Alto, California, USA},
  year        = {1994},
  month       = {April}
}

@techreport{MDC:Murphi,
  author      = {R. Melton and D.L. Dill and C. Norris Ip},
  title       = {{M}urphi Annotated Reference Manual, Version 2.6},
  institution = {Stanford University, Palo Alto, California, USA},
  year        = {1993},
  month       = {November},
  note        = {Written by C. Norris Ip}
}

@article{Owre95:prolegomena,
        AUTHOR = {S. Owre and J. Rushby and N. Shankar and
                F. von Henke},
        TITLE = {Formal Verification for Fault-Tolerant Architectures:
                Prolegomena to the Design of {PVS}},
        JOURNAL = ieeetse,
        VOLUME = 21,
        NUMBER = 2,
        PAGES = {107--125},
        MONTH = feb,
        YEAR = 1995
}

@article{Pix:GC,
  author  = {C. Pixley},
  title   = {An Incremental Garbage Collection Algorithm for
             Multi-mutator Systems},
  journal = {Distributed Computing},
  year    = {1988},
  volume  = {3}
}

@article{Rus:GC,
  author  = {David M. Russinoff},
  title   = {A Mechanically Verified Incremental Garbage Collector},
  journal = {Formal Aspects of Computing},
  year    = {1994},
  volume  = {6},
  pages   = {359--390}
}

@techreport{Sha:PVS.Real-Time,
  author      = {N. Shankar},
  title       = {Mechanized Verification of Real-Time Systems Using {PVS}},
  institution = {Computer Science Laboratory,
                 SRI International, Menlo Park, California, USA},
  year        = {1993},
  month       = {March}
}

@article{Van:GC,
  author  = {J. L. A. Van de Snepscheut},
  title   = {``Algorithms for On-the-Fly Garbage Collection'' Revisited},
  journal = {Information Processing Letters},
  year    = {1987},
  month   = {March},
  volume  = {24}
}











@inproceedings{Alu-etal:Hybrid,
  author       = {R. Alur and C. Courcoubetis and N. Halbwachs and 
                  T.A. Henzinger and P.H. Ho and
                  X. Nicollin and A. Olivero and J. Sifakis and S. Yovine},
  title        = {The Algorithmic Analysis of Hybrid Systems},
  booktitle    = {11th International Conference on Analysis and
                  Optimization of Discrete Event Systems, 
                  Lecture Notes in Control and Information Sciences, 
                  Volume 199},
  year          = {1994},
  pages         = {331--351},
  publisher     = {Springer Verlag},
  note         = {We had access to a later version of this paper,
                  which is to appear in Theoretical Computer Science}
}

@article{CGL:Model.Check.Abstr,
  author  = {E.M. Clark and O. Grumberg and D.E. Long},
  title   = {Model Checking and Abstraction},
  journal = {ACM Transactions on Programming Languages and Systems},
  year    = {1994},
  month   = {September},
  volume  = {16},
  number  = {5},
  pages   = {1512--1542}
}

@inproceedings{CIN:CCS.HOL,
  author    = {A. Camilleri and P. Inverardi and M. Nesi},
  title     = {Combining Interaction and Automation in 
               Process Algebra Verification},
  booktitle = {TAPSOFT'91, Lecture Notes in Computer Science, Volume 494},
  year      = {1991},
  editor    = {S. Abramsky and T.S.E. Maibaum},
  pages     = {283--296},
  publisher = {Springer Verlag}
}

@techreport{Cor-etal:Coq,
  author      = {C. Cornes and J. Courant and J.C. Filliatre and
                 G. Huet and P. Manoury and C Paulin-Mohring and
                 C. Munoz and C. Murthy and C. Parent and
                 A. Saibi and B. Werner},
  title       = {The {C}oq Proof Assistant Reference Manual, Version 5.10},
  institution = {INRIA, Rocquencourt, France},
  year        = {1995},
  month       = {February},
  note        = {This version is newer than the version used to verify
                 the BRP-protocol in \cite{HSV:Protocol.Coq}}
}

@book{Dij:Discipline,
  author    = {E.W. Dijkstra},
  title     = {A Discipline of Programming},
  publisher = {Prentice-Hall},
  year      = {1976}
}

@inbook{Eme:Temp.Logic,
  author    = {E. A. Emerson},
  title     = {Handbook of Theoretical Computer Science:
               Temporal and Modal Logic},
  chapter   = {16},
  pages     = {996--1072},
  publisher = {Elsevier Science Publishers},
  year      = {1990}
}

@inproceedings{Gra:Abstraction,
  author       = {S. Graf},
  title        = {Verification of a Distributed Cache Memory 
                  by Using Abstractions},
  booktitle    = {Computer-Aided Verification (CAV) 94,
                  Lecture Notes in Computer Science, Volume 818},
  year         = {1994},
  editor       = {D.L. Dill},
  pages        = {207--219},
  publisher    = {Springer Verlag}
}

@book{Hoa:CSP,
   author    = {C. A. R. Hoare},
   publisher = {Prentice Hall},
   series    = {International Series in Computer Science},
   title     = {Communicating Sequential Processes},
   year      = {1985}
}

@inproceedings{Hoo:PVS.Real-Time,
  author       = {J. Hooman},
  title        = {Correctness of Real Time Systems by Construction},
  booktitle    = {Proceedings FTRTFT'94 -- 
                  Formal Techniques in Real Time and Fault Tolerant
		  Systems,
                  Lecture Notes in Computer Science, Volume 863},
  year         = {1994},
  publisher    = {Springer Verlag}
}

@techreport{HSV:Protocol.Coq,
  author      = {L. Helmink and M.P.A. Sellink and F.W. Vaandrager},
  title       = {Proof-Checking a Data Link Protocol},
  institution = {Centrum voor Wiskunde en Informatica (CWI),
                 Computer Science/Department of Software Technology},
  year        = {1994},
  number      = {CS-R9420},
  month       = {March}
}

@unpublished{Jan:Mu-calculus,
  author  = {G. Janssen},
  title   = {{ROBDD} Software},
  note    = {Department of Electrical Engineering, 
             Eindhoven University of Technology},
  year    = {1993},
  month   = {October}
}

@inproceedings{Koz:Results,
  author       = {D. Kozen},
  title        = {Results on the Propositional mu-calculus},
  booktitle    = {9th International Colloquium on
                  Automata, Languages and Programming (ICALP), 
                  Lecture Notes in Computer Science, Volume 140},
  year         = {1982},
  publisher    = {Springer Verlag}
}

@inproceedings{LT:IO.Automata,
  author       = {N.A. Lynch and M.R. Tuttle},
  title        = {Hierarchical Correctness Proofs for Distributed Algorithms},
  booktitle    = {Proceedings of the sixth Annual Symposium on
                  Principles of Distributed Computing, New York},
  year         = {1987},
  pages        = {137--151},
  publisher    = {ACM Press}
}

@book{McMil:SMV,
  author    = {K.L. McMillan},
  title     = {Symbolic Model Checking},
  publisher = {Kluwer Academic Publishers, Boston},
  year      = {1993}
}

@techreport{Mel:Phi.HOL,
  author      = {T. F. Melham},
  title       = {A Mechanized Theory of the $\pi$-calculus in {HOL}},
  institution = {University of Cambridge Computer Laboratory},
  year        = {1992},
  number      = {244},
  month       = {January}
}

@book{Mil:CCS,
   author    = {R. Milner},
   publisher = {Prentice Hall},
   series    = {International Series in Computer Science},
   title     = {Communication and Concurrency},
   year      = {1989}
}

@techreport{Nes:CCS.HOL,
  author      = {M. Nesi},
  title       = {A Formalization of the Process Algebra {CCS}
                 in Higher Order Logic},
  institution = {University of Cambridge Computer Laboratory},
  year        = {1992},
  number      = {278},
  month       = {december}
}

@inproceedings{Nes:HML.HOL,
  author       = {M. Nesi},
  title        = {Formalizing a Modal Logic for {CCS} 
                  in the {HOL} Theorem Prover},
  booktitle    = {International Workshop on Higher Order Logic 
                  Theorem Proving and its Applications},
  year         = {1992},
  editor       = {L. Claesen and M. Gordon},
  pages        = {495--507}
}

@inproceedings{ORS:PVS,
  author       = {S. Owre and J.M. Rushby and N. Shankar},
  title        = {{PVS}: A Prototype Verification System},
  booktitle    = {11th International Conference on Automated Deduction
                  (CADE), Saratoga -- NY, 
                  Lecture Notes in Artificial Intelligence, Volume 607},
  year         = {1992},
  editor       = {D. Kapur},
  pages        = {748--752},
  publisher    = {Springer Verlag},
  month        = {June}
}

@inproceedings{SS:PVS.Integration,
  author       = {S. Rajan and N. Shankar and M.K. Srivas},
  title        = {An Integration of Model-Checking with 
                  Automated Proof Checking},
  booktitle    = {Computer-Aided Verification (CAV) 1995,
                  Liege, Belgium,
                  Lecture Notes in Computer Science, Volume 939},
  year         = {1995},
  pages        = {84--97},
  publisher    = {Springer Verlag},
  month        = {July},
  note         = {Long version of this paper is available}
}

@book{Holzmann91,
	AUTHOR = {G. J. Holzmann},
	TITLE = {Design and Validation of Computer Protocols},
	PUBLISHER = {Prentice-Hall},
	YEAR = {1991}
}


@inproceedings{Dill92:design-aid,
	AUTHOR = {David L. Dill and Andreas J. Drexler and Alan J. Hu
		and C. Han Yang},
	TITLE = {Protocol Verification as a Hardware Design Aid},
	BOOKTITLE = {1992 IEEE International Conference on Computer Design:
		{VLSI} in Computers and Processors},
	ORGANIZATION = {IEEE Computer Society},
	PAGES = {522--525},
	NOTE = {Cambridge, MA, October 11-14},
	YEAR = 1992
}

@ARTICLE{LamShankar84,
	AUTHOR = {Simon S. Lam and A. Udaya Shankar},
	TITLE = {Protocol Verification via Projections},
	JOURNAL = {IEEE Trans. on S.W. Engg},
	YEAR = {1984},
	VOLUME = {SE-10},
	NUMBER = {4},
	PAGES = {325--342},
	MONTH = {July}
}

@INPROCEEDINGS{Dams&Grumberg&Gerth:PROCOMET,
	AUTHOR = {Dennis Dams and Orna Grumberg and Rob Gerth},
	TITLE = {Abstract Interpretation of Reactive Systems: Abstractions Preserving {$\forall$CTL*}, {$\exists$CTL*} and {CTL*}},
	BOOKTITLE = {Programming Concepts, Methods and Calculi (PROCOMET '94)},
	YEAR = {1994},
	EDITOR = {Ernst-R\"udiger Olderog},
	PAGES = {561--581}}

@ARTICLE{graf:abstraction95,
	AUTHOR = {C. Loiseaux and S. Graf and J. Sifakis and A. Bouajjani and S. Bensalem},
	TITLE = {Property Preserving Abstractions for the Verification of Concurrent Systems},
	JOURNAL = {Formal Methods in System Design},
	YEAR = {1995},
	VOLUME = {6},
	PAGES = {11-44}
}

@inproceedings{Cyrluk94:TPCD,
        AUTHOR = {D. Cyrluk and S. Rajan and N. Shankar and M. K. Srivas},
        TITLE = {Effective Theorem Proving for Hardware Verification},
        PAGES = {203--222},
        CROSSREF = {TPCD94}

}

@proceedings{TPCD94,
        EDITOR = {Ramayya Kumar and Thomas Kropf},
        BOOKTITLE = {Theorem Provers in Circuit Design ({TPCD} '94)},
        TITLE = {Theorem Provers in Circuit Design ({TPCD} '94)},
        MONTH = sep,
        YEAR = 1994,
        ADDRESS = {Bad Herrenalb, Germany},
	PUBLISHER = sv,
	SERIES = lncs,
	VOLUME = 910

}

@ARTICLE{Bartlett69:ABP,
	AUTHOR = {K. A. Bartlett and R. A. Scantlebury and P. T. Wilkinson},
	TITLE = {A Note on Reliable Full-Duplex Transmission over Half-Duplex Links},
	JOURNAL = cacm,
	YEAR = 1969,
	VOLUME = 12,
	NUMBER = 5,
	PAGES = {260, 261},
	MONTH = may
}

@UNPUBLISHED{Muller&Nipkow95,
	AUTHOR = {Olaf M\"uller and Tobias Nipkow},
	TITLE = {Combining Model Checking and Deduction for {I/O} Automata},
        Note = {Draft manuscript},
	YEAR = {1995}
}


@TECHREPORT{Cardell-Oliver92,
	AUTHOR = {Rachel Mary Cardell-Oliver},
	TITLE = {The Formal Verification of Hard Real-Time Systems},
	INSTITUTION = {University of Cambridge Computer Laboratory},
	YEAR = {1992},
	NUMBER = {255}
}


@INCOLLECTION{Gordon:HOL,
	AUTHOR = {M.~J.~C.~Gordon},
	TITLE = {{HOL}: A Proof Generating System for Higher-Order Logic},
	BOOKTITLE = {VLSI Specification, Verification and Synthesis},
	PUBLISHER = {Kluwer},
	YEAR = {1988},
	EDITOR = {G.~Birtwistle and P.~A.~Subrahmanyam},
	PAGES = {73--128},
	ADDRESS = {Dordrecht, The Netherlands}
}

@INPROCEEDINGS{Shankar:MPC95,
	AUTHOR = {N. Shankar},
	TITLE = {Computer-Aided Computing},
	BOOKTITLE = {Mathematics of Program Construction '95},
        EDITOR = {Bernhard M\"oller},
        publisher = sv,
        series = lncs,
        number = 947,
        pages = {50--66},
	YEAR = {1995}
}
